@book{oxfordanalysis,
  author={Bent, Ian D. and Pople, Anthony},
  title={Grove Music Online. Oxford Music Online.},
  note={Analysis},
  year={Web. 18 Jul. 2017},
  publisher={Oxford University Press},
}

@book{oxfordharmony,
  title={The Oxford Dictionary of Music, 2nd ed. rev. Ed. Michael Kennedy. Oxford Music Online.},
  note={Harmony},
  year={Web. 18 Jul. 2017.},
  publisher={Oxford University Press},
}

@misc{humdrum,
  title = {The Humdrum Toolkit: Software for Music Research},
  howpublished = {\url{http://www.humdrum.org}},
  note = {Accessed: 2017-07-27}
}

@misc{harm,
  title = {Humdrum Representation for Functional Harmony},
  howpublished = {\url{http://www.music-cog.ohio-state.edu/Humdrum/representations/harm.rep.html}},
  note = {Accessed: 2017-07-27}
}

@article{agmon1995functional,
  title={Functional harmony revisited: a prototype-theoretic approach},
  author={Agmon, Eytan},
  journal={Music Theory Spectrum},
  volume={17},
  number={2},
  pages={196--214},
  year={1995},
  publisher={Oxford University Press}
}

@inproceedings{barthelemy2001figured,
  title={Figured Bass and Tonality Recognition.},
  author={Barth{\'e}lemy, Jerome and Bonardi, Alain},
  booktitle={ISMIR},
  year={2001},
  organization={Citeseer}
}

@article{beach1974origins,
  title={The origins of harmonic analysis},
  author={Beach, David W},
  journal={Journal of Music Theory},
  volume={18},
  number={2},
  pages={274--306},
  year={1974},
  publisher={JSTOR}
}

@inproceedings{cambouropoulos2014idiom,
  title={An idiom-independent representation of chords for computational music analysis and generation},
  author={Cambouropoulos, Emilios and Kaliakatsos-Papakostas, Maximos A and Tsougras, Costas},
  booktitle={ICMC},
  year={2014}
}

@article{chemillier2004toward,
  title={Toward a formal study of jazz chord sequences generated by Steedmanâ€™s grammar},
  author={Chemillier, Marc},
  journal={Soft Computing},
  volume={8},
  number={9},
  pages={617--622},
  year={2004},
  publisher={Springer}
}

@article{choi2011jazz,
  title={Jazz harmonic analysis as optimal tonality segmentation},
  author={Choi, Andrew},
  journal={Computer Music Journal},
  volume={35},
  number={2},
  pages={49--66},
  year={2011},
  publisher={MIT Press}
}

@incollection{conklin2002representation,
  title={Representation and discovery of vertical patterns in music},
  author={Conklin, Darrell},
  booktitle={Music and artificial intelligence},
  pages={32--42},
  year={2002},
  publisher={Springer}
}

@article{cohn1998introduction,
  title={Introduction to neo-riemannian theory: a survey and a historical perspective},
  author={Cohn, Richard},
  journal={Journal of Music Theory},
  pages={167--180},
  year={1998},
  publisher={JSTOR}
}

@article{de2013automatic,
  title={Automatic functional harmonic analysis},
  author={De Haas, W Bas and Magalh{\~a}es, Jos{\'e} Pedro and Wiering, Frans and Veltkamp, Remco C},
  journal={Computer Music Journal},
  volume={37},
  number={4},
  pages={37--53},
  year={2013},
  publisher={MITP}
}

@inproceedings{devaney2015theme,
  title={THEME AND VARIATION ENCODINGS WITH ROMAN NUMERALS (TAVERN): A NEW DATA SET FOR SYMBOLIC MUSIC ANALYSIS},
  author={Devaney, Johanna and Arthur, Claire and Condit-Schultz, Nathaniel and Nisula, Kirsten},
  booktitle={Proceedings of the 16th ISMIR Conference},
  volume={729},
  year={2015}
}

@article{ewert2012towards,
  title={Towards cross-version harmonic analysis of music},
  author={Ewert, Sebastian and Muller, Meinard and Konz, Verena and Mullensiefen, Daniel and Wiggins, Geraint A},
  journal={IEEE Transactions on Multimedia},
  volume={14},
  number={3},
  pages={770--782},
  year={2012},
  publisher={IEEE}
}

@article{granroth2013harmonic,
  title={Harmonic analysis of music using combinatory categorial grammar},
  author={Granroth-Wilding, Mark Thomas and Wilding, Mark Thomas Granroth},
  year={2013},
  publisher={The University of Edinburgh}
}

@inproceedings{harte2005symbolic,
  title={Symbolic Representation of Musical Chords: A Proposed Syntax for Text Annotations.},
  author={Harte, Christopher and Sandler, Mark B and Abdallah, Samer A and G{\'o}mez, Emilia},
  booktitle={ISMIR},
  volume={5},
  pages={66--71},
  year={2005}
}

@article{hoffman2000constraint,
  title={A constraint satisfaction approach to tonal harmonic analysis},
  author={Hoffman, Tim and Birmingham, William P},
  journal={Electrical Engineering and Computer Science Department. Technical Report CSE-TR-397-99. University of Michigan},
  year={2000}
}

@inproceedings{illescas2007harmonic,
  title={Harmonic, Melodic, and Functional Automatic Analysis.},
  author={Illescas, Pl{\'a}cido R and Rizo, David and Quereda, Jos{\'e} Manuel I{\~n}esta},
  booktitle={ICMC},
  year={2007},
  organization={Citeseer}
}

@inproceedings{isaacson2005you,
  title={What You See Is What You Get: on Visualizing Music.},
  author={Isaacson, Eric J},
  booktitle={ISMIR},
  pages={389--395},
  year={2005},
  organization={Citeseer}
}

@book{jackendoff1985generative,
  title={A generative theory of tonal music},
  author={Jackendoff, Ray},
  year={1985},
  publisher={MIT press}
}

@article{jacoby2015information,
  title={An Information Theoretic Approach to Chord Categorization and Functional Harmony},
  author={Jacoby, Nori and Tishby, Naftali and Tymoczko, Dmitri},
  journal={Journal of New Music Research},
  volume={44},
  number={3},
  pages={219--244},
  year={2015},
  publisher={Taylor \& Francis}
}

@inproceedings{kaliakatsos2015evaluating,
  title={Evaluating the General Chord Type Representation in Tonal Music and Organising GCT Chord Labels in Functional Chord Categories.},
  author={Kaliakatsos-Papakostas, Maximos A and Zacharakis, Asterios I and Tsougras, Costas and Cambouropoulos, Emilios},
  booktitle={ISMIR},
  pages={427--433},
  year={2015}
}

@book{kostka1995tonal,
  title={Tonal Harmony with an Introduction to Twentieth-Ce},
  author={Kostka, Stefan and Clendinning, Jane Piper and Ottman, Robert and Phillips, Joel},
  year={1995},
  publisher={McGraw-Hill}
}

@inproceedings{kroger2008rameau,
  title={Rameau: a System for Automatic harmonic Analysis.},
  author={Kr{\"o}ger, Pedro and Passos, Alexandre and Sampaio, Marcos and De Cidra, Givaldo},
  booktitle={ICMC},
  year={2008}
}

@book{krumhansl2001cognitive,
  title={Cognitive foundations of musical pitch},
  author={Krumhansl, Carol L},
  year={2001},
  publisher={Oxford University Press}
}

@inproceedings{malandrino2015color,
  title={A Color-based Visualization Approach to understand harmonic structures of Musical Compositions},
  author={Malandrino, Delfina and Pirozzi, Donato and Zaccagnino, Gianluca and Zaccagnino, Rocco},
  booktitle={Information Visualisation (iV), 2015 19th International Conference on},
  pages={56--61},
  year={2015},
  organization={IEEE}
}

@inproceedings{mardirossian2007visualizing,
  title={Visualizing Music: Tonal Progressions and Distributions.},
  author={Mardirossian, Arpi and Chew, Elaine},
  booktitle={ISMIR},
  pages={189--194},
  year={2007},
  organization={Citeseer}
}

@article{maxwell1992expert,
  title={An expert system for harmonic analysis of tonal music},
  author={Maxwell, H John},
  journal={Understanding music with AI},
  year={1992},
  publisher={AAAI Press}
}

@phdthesis{mearns2013computational,
  title={The Computational Analysis of Harmony in Western Art Music.},
  author={Mearns, Lesley},
  year={2013},
  school={Queen Mary University of London}
}

@misc{pachet2000computer,
  title={Computer Analysis of Jazz Chord Sequence: Is Solar a Blues?},
  author={Pachet, Francois},
  year={2000}
}

@inproceedings{pardo2000automated,
  title={Automated partitioning of tonal music},
  author={Pardo, Bryan and Birmingham, William P},
  booktitle={FLAIRS Conference},
  pages={23--27},
  year={2000}
}

@article{pardo2001chordal,
  title={The chordal analysis of tonal music},
  author={Pardo, Brian and Birmingham, William P},
  journal={The University of Michigan, Department of Electrical Engineering and Computer Science Technical Report CSE-TR-439-01},
  year={2001}
}

@article{pardo2002algorithms,
  title={Algorithms for chordal analysis},
  author={Pardo, Bryan and Birmingham, William P},
  journal={Computer Music Journal},
  volume={26},
  number={2},
  pages={27--49},
  year={2002},
  publisher={MIT Press}
}

@inproceedings{passos2009functional,
  title={Functional harmonic analysis and computational musicology in Rameau},
  author={Passos, Alexandre and Sampaio, Marcos and Kr{\"o}ger, Pedro and De Cidra, Givaldo},
  booktitle={Proceedings of the 12th Brazilian Symposium on Computer Music (SBMC)},
  year={2009}
}

@article{pople2004using,
  title={Using Complex Set Theory for Tonal Analysis: An Introduction to the'Tonalities' Project},
  author={Pople, Anthony},
  journal={Music Analysis},
  volume={23},
  number={2/3},
  pages={153--194},
  year={2004},
  publisher={JSTOR}
}

@article{quinn2010pitch,
  title={Are pitch-class profiles really key for key},
  author={Quinn, Ian},
  journal={Zeitschrift der Gesellschaft der Musiktheorie},
  volume={7},
  pages={151--163},
  year={2010}
}

@inproceedings{quinn2011voice,
  title={Voice-leading prototypes and harmonic function in two chorale corpora},
  author={Quinn, Ian and Mavromatis, Panayotis},
  booktitle={International Conference on Mathematics and Computation in Music},
  pages={230--240},
  year={2011},
  organization={Springer}
}

@incollection{radicioni2010breve,
  title={BREVE: An HMPerceptron-Based Chord Recognition System},
  author={Radicioni, Daniele P and Esposito, Roberto},
  booktitle={Advances in Music Information Retrieval},
  pages={143--164},
  year={2010},
  publisher={Springer}
}

@article{raphael2003harmonic,
  title={Harmonic analysis with probabilistic graphical models},
  author={Raphael, Christopher and Stoddard, Josh},
  year={2003},
  publisher={Johns Hopkins University}
}

@article{raphael2004functional,
  title={Functional harmonic analysis using probabilistic models},
  author={Raphael, Christopher and Stoddard, Joshua},
  journal={Computer Music Journal},
  volume={28},
  number={3},
  pages={45--52},
  year={2004},
  publisher={MIT Press}
}

@article{riemann1903harmony,
  title={Harmony simplified, or The theory of the tonal functions of chords},
  author={Riemann, Hugo},
  year={1903},
  publisher={London}
}

@inproceedings{rocher2009dynamic,
  title={Dynamic chord analysis for symbolic music},
  author={Rocher, Thomas and Robine, Matthias and Hanna, Pierre and Strandh, Robert},
  booktitle={ICMC},
  year={2009}
}

@inproceedings{rohrmeier2008statistical,
  title={Statistical properties of tonal harmony in Bachâ€™s chorales},
  author={Rohrmeier, Martin and Cross, Ian},
  booktitle={Proceedings of the 10th international conference on music perception and cognition},
  pages={619--627},
  year={2008},
  organization={Citeseer}
}

@article{rohrmeier2011towards,
  title={Towards a generative syntax of tonal harmony},
  author={Rohrmeier, Martin},
  journal={Journal of Mathematics and Music},
  volume={5},
  number={1},
  pages={35--53},
  year={2011},
  publisher={Taylor \& Francis}
}

@inproceedings{sapp2001harmonic,
  title={Harmonic Visualizations of Tonal Music.},
  author={Sapp, Craig Stuart},
  booktitle={ICMC},
  volume={1},
  pages={419--422},
  year={2001}
}

@inproceedings{sapp2005online,
  title={Online Database of Scores in the Humdrum File Format.},
  author={Sapp, Craig Stuart},
  booktitle={ISMIR},
  pages={664--665},
  year={2005}
}

@article{sapp2005visual,
  title={Visual hierarchical key analysis},
  author={Sapp, Craig Stuart},
  journal={Computers in Entertainment (CIE)},
  volume={3},
  number={4},
  pages={1--19},
  year={2005},
  publisher={ACM}
}

@article{sapp2007computational,
  title={Computational chord-root identification in symbolic musical data: Rationale, methods, and applications},
  author={Sapp, Craig Stuart},
  journal={Computing in Musicology},
  volume={15},
  pages={99--119},
  year={2007},
  publisher={Center for Computer Assisted Research in the Humanities}
}

@inproceedings{scholz2005automating,
  title={Automating functional harmonic analysis: the Funchal system},
  author={Scholz, Ricardo and Dantas, V{\'\i}tor and Ramalho, Geber},
  booktitle={Multimedia, Seventh IEEE International Symposium on},
  pages={6--pp},
  year={2005},
  organization={IEEE}
}

@inproceedings{scholz2008cochonut,
  title={COCHONUT: Recognizing Complex Chords from MIDI Guitar Sequences.},
  author={Scholz, Ricardo and Ramalho, Geber},
  booktitle={ISMIR},
  pages={27--32},
  year={2008}
}

@article{taube1999automatic,
  title={Automatic tonal analysis: Toward the implementation of a music theory workbench},
  author={Taube, Heinrich},
  journal={Computer Music Journal},
  volume={23},
  number={4},
  pages={18--32},
  year={1999},
  publisher={MIT Press}
}

@article{temperley1997algorithm,
  title={An algorithm for harmonic analysis},
  author={Temperley, David},
  journal={Music Perception: An Interdisciplinary Journal},
  volume={15},
  number={1},
  pages={31--68},
  year={1997},
  publisher={University of California Press Journals}
}

@article{temperley1999modeling,
  title={Modeling meter and harmony: A preference-rule approach},
  author={Temperley, David and Sleator, Daniel},
  journal={Computer Music Journal},
  volume={23},
  number={1},
  pages={10--27},
  year={1999},
  publisher={MIT Press}
}

@article{temperley1999s,
  title={What's key for key? The Krumhansl-Schmuckler key-finding algorithm reconsidered},
  author={Temperley, David},
  journal={Music Perception: An Interdisciplinary Journal},
  volume={17},
  number={1},
  pages={65--100},
  year={1999},
  publisher={University of California Press Journals}
}

@article{temperley2004bayesian,
  title={Bayesian models of musical structure and cognition},
  author={Temperley, David},
  journal={Musicae Scientiae},
  volume={8},
  number={2},
  pages={175--205},
  year={2004},
  publisher={SAGE Publications Sage UK: London, England}
}

@article{temperley2009unified,
  title={A unified probabilistic model for polyphonic music analysis},
  author={Temperley, David},
  journal={Journal of New Music Research},
  volume={38},
  number={1},
  pages={3--18},
  year={2009},
  publisher={Taylor \& Francis}
}

@article{tymoczko2001root,
  title={ROOT MOTION, FUNCTION, SCALE-DEGREE},
  author={Tymoczko, Dmitri}
}

@inproceedings{ulrich1977analysis,
  title={The Analysis and Synthesis of Jazz by Computer.},
  author={Ulrich, John Wade},
  booktitle={IJCAI},
  pages={865--872},
  year={1977}
}

@inproceedings{white2013alphabet,
  title={An alphabet-reduction algorithm for chordal n-grams},
  author={White, Christopher Wm},
  booktitle={International Conference on Mathematics and Computation in Music},
  pages={201--212},
  year={2013},
  organization={Springer}
}

@inproceedings{white2015corpus,
  title={A Corpus-Sensitive Algorithm for Automated Tonal Analysis},
  author={White, Christopher Wm},
  booktitle={International Conference on Mathematics and Computation in Music},
  pages={115--121},
  year={2015},
  organization={Springer}
}

@phdthesis{wilding2008automatic,
  title={Automatic Harmonic Analysis of Jazz Chord Progressions Using a Musical Categorial Grammar},
  author={Wilding, Mark},
  year={2008},
  school={M. Sc. thesis, University of Edinburgh, School of Informatics}
}

@phdthesis{willingham2013harmonic,
  title={The harmonic implications of the non-harmonic tones in the four-part chorales of Johann Sebastian Bach},
  author={Willingham, Timothy Judson},
  year={2013},
  school={Liberty University}
}

@article{winograd1968linguistics,
  title={Linguistics and the computer analysis of tonal harmony},
  author={Winograd, Terry},
  journal={journal of Music Theory},
  volume={12},
  number={1},
  pages={2--49},
  year={1968},
  publisher={JSTOR}
}
